@online{Toolbox,
    author = "Docker",
    title = "Docker Toolbox",
    url  = "https://docs.docker.com/toolbox/overview/",
    addendum = "(accessed: 27.09.2018)",
    keywords = "Docker,Toolbox,Windows,Virtualization"
}

@online{odcs,
    author = "unknown",
    title = "Other Docker Cheat Sheet",
    url  = "https://github.com/wsargent/docker-cheat-sheet/",
    addendum = "(accessed: 27.09.2018)",
    keywords = "Docker,Commands"
}

@online{mklink,
    author = "Windows",
    title = "mklink by Windows",
    url  = "https://docs.microsoft.com/en-us/windows-server/administration/windows-commands/mklink",
    addendum = "(accessed: 27.09.2018)",
    keywords = "Windows,Commands,Shell,Symbollink"
}

@online{mklinfo,
    author = "unknown",
    title = "mklink info (Stackoverflow)",
    url  = "https://superuser.com/a/1020825",
    addendum = "(accessed: 27.09.2018)",
    keywords = "Windows,Commands,Shell,Symbollink"
}

@online{dcproj,
    author = "Lederich, Dennis",
    title = "Mein Composer Projekt auf GitHub",
    url  = "https://github.com/dele1972/docnt-ngpm",
    addendum = "(accessed: 27.09.2018)",
    keywords = "Windows,Docker,Composer,Project,"
}
